
%% Created for Kent Williams at 2007-09-26 14:30:49 -0500 


%% Saved with string encoding Western (ASCII) 


@string{ahj = {Am. Heart J.}}

@string{ai = {Artificial Intelligence}}

@string{ajc = {Am. J. Cardiol.}}

@string{ao = {Appl. Optics}}

@string{ap = {Academic Press}}

@string{arrd = {Am. Rev. Resp. Dis.}}

@string{aw = {Addison-Wesley}}

@string{bc = {Biol. Cybernetics}}

@string{cacm = {Comm. of the ACM}}

@string{caip95 = {Int Conf. Comp. Anal. Images and Patterns}}

@string{cgip = {Comp. Graphics and Image Proc.}}

@string{cinc = {Computers in Cardiology}}

@string{cj = {Comp. Journal}}

@string{cvgip = {Comp. Vision, Graphics, and Image Proc.}}

@string{cvgipg = {CVGIP -- Graph. Models and Image Proc.}}

@string{cvgipi = {CVGIP -- Image Understanding}}

@string{cviu = {Computer Vision and Image Understanding}}

@string{ehj = {Eur. Heart J.}}

@string{gmip = {Graph. Models and Image Proc.}}

@string{ibm = {IBM J. of Research and Development}}

@string{icassp = {Proc. IEEE Int. Conf. Acoust., Speech, Signal Processing}}

@string{icip = {Proc. IEEE Int. Conf. Image Processing}}

@string{icpp = {International Conference on Parallel Processing}}

@string{icpr = {International Conference on Pattern Recognition}}

@string{ieeeassp = {IEEE Trans. Acoustics, Speech, and Signal Proc.}}

@string{ieeebme = {IEEE Trans. Biomed. Eng.}}

@string{ieeecomm = {IEEE Trans. Communications}}

@string{ieeecommt = {IEEE Trans. Communications Technology}}

@string{ieeecomp = {IEEE Trans. Computers}}

@string{ieeefs = {IEEE Trans. Fuzzy Systems}}

@string{ieeegrs = {IEEE Trans. Geoscience and Remote Sensing}}

@string{ieeeip = {IEEE Trans. Image Proc.}}

@string{ieeeit = {IEEE Trans. Information Theory}}

@string{ieeekde = {IEEE Trans. Knowledge and Data Eng.}}

@string{ieeemi = {IEEE Trans. Med. Imaging}}

@string{ieeepami = {IEEE Trans. Pattern Anal. and Machine Intelligence}}

@string{ieeese = {IEEE Trans. Software Eng.}}

@string{ieeesmc = {IEEE Trans. Systems, Man and Cybernetics}}

@string{ieeesp = {IEEE Trans. Signal Proc.}}

@string{ieeetmi = {IEEE Trans. Med. Imaging}}

@string{ieevisp = {IEE Proceedings Vision, Image and Signal Processing}}

@string{ijci = {Int. J. Cardiac Imag.}}

@string{ijcv = {Int. J. of Comp. Vision}}

@string{ijpp = {International Journal of Parallel Programming}}

@string{ijprai = {International Journal of Pattern Recognition and Artificial Intelligence}}

@string{ipps = {International Parallel Processing Symposium}}

@string{ivc = {Image and Vision Computing}}

@string{jacc = {J. Am. Coll. Cardiol.}}

@string{jap = {J. Applied Physiology}}

@string{jasa = {J. Acoust. Soc. Am.}}

@string{jcat = {J. Comp. Asst. Tomog.}}

@string{jms = {J. Multimed. Syst.}}

@string{jors = {J. of the Operational Research Society}}

@string{jvcir = {J.~Visual Comm. and Image Rep.}}

@string{jw = {John Wiley and Sons}}

@string{kluwer = {Kluwer Academic Publishers}}

@string{mh = {McGraw Hill}}

@string{miccai_98 = {MICCAI '98, First International Conference on Medical Image Computing and Computer-Assisted Intervention}}

@string{nejm = {New Engl. J. Med.}}

@string{nh = {North Holland}}

@string{pattrecog = {Patt. Recogn.}}

@string{pattrecoglet = {Patt. Recogn. Lett.}}

@string{ph = {Prentice-Hall}}

@string{pmb = {Phys. in Medic. \& Biol.}}

@string{pr = {Pattern Recognition}}

@string{prl = {Patt. Recogn. Lett.}}

@string{procieee = {Proc. of the IEEE}}

@string{soe = {Society for Optical Engineering}}

@string{spe = {Software -- Practice and Experience}}

@string{spiebip = {Proc. SPIE Conf. Biomed. Image Proc. and Biomed. Visual.}}

@string{spiemi = {Proc. SPIE Conf. Medical Imaging}}

@string{spiemm = {Proc. SPIE Conf. Image Algebra Math. Morph. Image Proc.}}

@string{spievbc = {Proc. SPIE Conf. Visual. in Biomed. Comp.}}

@string{spievc = {Proc. SPIE Conf. Visual Comm.}}

@string{spievcip = {Proc. SPIE Conf. Visual Comm. and Image Proc.}}

@string{sv = {Springer Verlag}}

@string{tpds = {IEEE Transactions on Parallel and Distributed Systems}}


@article{pieper:slicer3,
	Abstract = {Medical Image Computing researchers often face the problem of moving promising new algorithms from the proof of concept stage into a form compatible with clinical use. Algorithm developers lack the time and resources to engineer their code for robustness and compatibility, while end-users are anxious to try new techniques but require well designed and tested user interfaces to make practical use of them. The NA-MIC Kit is a collection of software and methodology specifically designed to address these problems and facilitate the rapid advancement of the field.},
	Author = {Steve Pieper},
	Date-Added = {2007-09-26 14:25:11 -0500},
	Date-Modified = {2007-09-26 14:28:33 -0500},
	Journal = {Proceedings of IEEE International Symposium on BioMedical Imaging: From Nano to Macro 2006},
	Month = {March},
	Pages = {698-701},
	Title = {The NA-MIC Kit: ITK, VTK, Pipelines, Grids and 3D Slicer as an Open Platform for the Medical Image Computing Community},
	Year = {2006}}

@article{magnotta:brains2,
	Author = {V.A. Magnotta and G. Harris and N.C. Andreasen and W.T.C. Yuh and D. Heckel},
	Journal = {Computerized Medical Imaging and Graphics},
	Optnumber = {4},
	Pages = {251-64},
	Title = {Structural {MR} Image Processing Using the {BRAINS2} Toolbox},
	Volume = {26},
	Year = 2002}

@article{harris:classify,
	Author = {G. Harris and N.C. Andreasen and T. Cizadlo and J.M. Bailey and H.J. Bockholt and V.A. Magnotta and S. Arndt},
	Journal = {Journal of Computer Assisted Tomography},
	Number = 1,
	Pages = {144-154},
	Title = {Improving Tissue Classification in {MRI}: A Three-Dimensional Multispectral Discriminant Analysis Methods with Automated Training Class Selection},
	Volume = {23},
	Year = 1999}

@book{ibanez:ITKSoftwareGuide14,
	Author = {Luis Ibanez and Will Schroeder and Lydia Ng and Josh Cates},
	Month = {September},
	Optnote = {ISBN: 1930934106},
	Publisher = {Kitware Inc.},
	Title = {The ITK Software Guide: The Insight Segmentation and Registration Toolkit (version 1.4)},
	Year = {2003}}

@book{talairach88,
	Address = {Stuttgart},
	Author = {J. Talairach and P. Tournoux},
	Publisher = {Beorg Thieme Verlag},
	Title = {Co-Planar Stereotactic Atlas of the Human Brain},
	Year = 1988}

@misc{web:AIR,
	Annote = {The AIR package is available from this website, including documentation, licensing, and source code downloads.},
	Author = {Roger P. Woods, M.D. (e-mail: rwoods@ucla.edu)},
	Howpublished = {http://bishopw.loni.ucla.edu/AIR5/},
	Month = {December 16},
	Title = {Automated Image Registration},
	Year = {2002}}
