@article{angenent1999lbo,
  title={{On the Laplace-Beltrami operator and brain surface flattening}},
  author={Angenent, S. and Haker, S. and Tannenbaum, A. and Kikinis, R.},
  journal={Medical Imaging, IEEE Transactions on},
  volume={18},
  number={8},
  pages={700-711},
  year={1999}
}

@article{davatzikos1996,
  title={{Using a deformable surface model to obtain a shape representation of the cortex}},
  author={Davatzikos, C. and Bryan, R. N.},
  journal={Medical Imaging, IEEE Transactions on},
  volume={15},
  number={6},
  pages={785每795},
  year={1996}
}

@InProceedings{macDonald1994,
  Author         = {MacDonald, D. and Avis, D. D. and Evans, A. C.},
  Title          = {Multiple surface identification and matching in magnetic resonance images},
  BookTitle      = {Visualization Biomed. Comput.},
  Editor         = "Robb, R.",
  Pages          = "160每169",
  Publisher      = "New York: SPIE",
  year           = 1994,
}

@article{carman1995,
  title={{Computational methods for reconstructing and unfolding the cerebral cortex}},
  author={Carman, G. J. and Drury, H. A. and Van Essen, D. C.},
  journal={Cereb. Cortex},
  volume={5},
  number={6},
  pages={506每517},
  year={1995}
}

@article{schwartz1989,
  title={{A numerical solution to the generalized mapmaker＊s problem: Flattening nonconvex polyhedral surfaces}},
  author={Schwartz, E. and Shaw, A. and Wolfson, E.},
  journal={Pattern Anal. Machine Intell., IEEE Transactions on},
  volume={11},
  pages={1005每1008},
  year={1989}
}