@article{angenent1999lbo,
  title={{On the Laplace-Beltrami operator and brain surface flattening}},
  author={Angenent, S. and Haker, S. and Tannenbaum, A. and Kikinis, R.},
  journal={Medical Imaging, IEEE Transactions on},
  volume={18},
  number={8},
  pages={700-711},
  year={1999}
}
